@inproceedings{van2009haarlet,
  title={Haarlet-based hand gesture recognition for 3D interaction},
  author={Van den Bergh, Michael and Koller-Meier, Esther and Bosch{\'e}, Fr{\'e}d{\'e}ric and Van Gool, Luc},
  booktitle={Applications of Computer Vision (WACV), 2009 Workshop on},
  pages={1--8},
  year={2009},
  organization={IEEE}
}

@inproceedings{ong2004boosted,
  title={A boosted classifier tree for hand shape detection},
  author={Ong, Eng-Jon and Bowden, Richard},
  booktitle={Automatic Face and Gesture Recognition, 2004. Proceedings. Sixth IEEE International Conference on},
  pages={889--894},
  year={2004},
  organization={IEEE}
}

@inproceedings{van2011combining,
  title={Combining RGB and ToF cameras for real-time 3D hand gesture interaction},
  author={Van den Bergh, Michael and Van Gool, Luc},
  booktitle={Applications of Computer Vision (WACV), 2011 IEEE Workshop on},
  pages={66--72},
  year={2011},
  organization={IEEE}
}

@article{erol2007vision,
  title={Vision-based hand pose estimation: A review},
  author={Erol, Ali and Bebis, George and Nicolescu, Mircea and Boyle, Richard D and Twombly, Xander},
  journal={Computer Vision and Image Understanding},
  volume={108},
  number={1},
  pages={52--73},
  year={2007},
  publisher={Elsevier}
}

@inproceedings{freeman1995orientation,
  title={Orientation histograms for hand gesture recognition},
  author={Freeman, William T and Roth, Michal},
  booktitle={International Workshop on Automatic Face and Gesture Recognition},
  volume={12},
  pages={296--301},
  year={1995}
}

@article{tompson2014real,
  title={Real-time continuous pose recovery of human hands using convolutional networks},
  author={Tompson, Jonathan and Stein, Murphy and Lecun, Yann and Perlin, Ken},
  journal={ACM Transactions on Graphics (TOG)},
  volume={33},
  number={5},
  pages={169},
  year={2014},
  publisher={ACM}
}

@article{lee2011vision,
  title={Vision-based finger action recognition by angle detection and contour analysis},
  author={Lee, Daeho and Lee, SeungGwan},
  journal={ETRI Journal},
  volume={33},
  number={3},
  pages={415--422},
  year={2011},
  publisher={Electronics and Telecommunications Research Institute}
}

@article{scikit-learn,
 title={Scikit-learn: Machine Learning in {P}ython},
 author={Pedregosa, F. and Varoquaux, G. and Gramfort, A. and Michel, V.
         and Thirion, B. and Grisel, O. and Blondel, M. and Prettenhofer, P.
         and Weiss, R. and Dubourg, V. and Vanderplas, J. and Passos, A. and
         Cournapeau, D. and Brucher, M. and Perrot, M. and Duchesnay, E.},
 journal={Journal of Machine Learning Research},
 volume={12},
 pages={2825--2830},
 year={2011}
}

@article{jia2014caffe,
  Author = {Jia, Yangqing and Shelhamer, Evan and Donahue, Jeff and Karayev, Sergey and Long, Jonathan and Girshick, Ross and Guadarrama, Sergio and Darrell, Trevor},
  Journal = {arXiv preprint arXiv:1408.5093},
  Title = {Caffe: Convolutional Architecture for Fast Feature Embedding},
  Year = {2014}
}

@inproceedings{dalal2005histograms,
  title={Histograms of oriented gradients for human detection},
  author={Dalal, Navneet and Triggs, Bill},
  booktitle={Computer Vision and Pattern Recognition, 2005. CVPR 2005. IEEE Computer Society Conference on},
  volume={1},
  pages={886--893},
  year={2005},
  organization={IEEE}
}

@article{donahue2013decaf,
  title={Decaf: A deep convolutional activation feature for generic visual recognition},
  author={Donahue, Jeff and Jia, Yangqing and Vinyals, Oriol and Hoffman, Judy and Zhang, Ning and Tzeng, Eric and Darrell, Trevor},
  journal={arXiv preprint arXiv:1310.1531},
  year={2013}
}

@inproceedings{krizhevsky2012imagenet,
  title={Imagenet classification with deep convolutional neural networks},
  author={Krizhevsky, Alex and Sutskever, Ilya and Hinton, Geoffrey E},
  booktitle={Advances in neural information processing systems},
  pages={1097--1105},
  year={2012}
}
